
<marc:record><marc:leader>01918nam a2200433 a 4500</marc:leader>
<marc:controlfield tag="001">000329970</marc:controlfield>
<marc:controlfield tag="003">OCoLC</marc:controlfield><marc:controlfield tag="005">20241122175355.0</marc:controlfield><marc:controlfield tag="008">880908s1986    mdu          f000 0 eng  </marc:controlfield><marc:datafield tag="010" ind1=" " ind2=" "><marc:subfield code="a">86600530</marc:subfield></marc:datafield><marc:datafield tag="035" ind1=" " ind2=" "><marc:subfield code="a">(OCoLC)14450299</marc:subfield></marc:datafield><marc:datafield tag="035" ind1="9" ind2=" "><marc:subfield code="a">ocm14450299</marc:subfield></marc:datafield><marc:datafield tag="040" ind1=" " ind2=" "><marc:subfield code="a">DGPO/DLC</marc:subfield><marc:subfield code="b">eng</marc:subfield><marc:subfield code="d">HEW</marc:subfield><marc:subfield code="d">GPO</marc:subfield><marc:subfield code="d">VET</marc:subfield><marc:subfield code="d">GPO</marc:subfield></marc:datafield><marc:datafield tag="050" ind1="0" ind2="0"><marc:subfield code="a">RC514</marc:subfield><marc:subfield code="b">.S3343 1986</marc:subfield></marc:datafield><marc:datafield tag="074" ind1=" " ind2=" "><marc:subfield code="a">0507-B-05</marc:subfield></marc:datafield><marc:datafield tag="082" ind1="0" ind2="0"><marc:subfield code="a">616.89/82</marc:subfield><marc:subfield code="2">19</marc:subfield></marc:datafield><marc:datafield tag="086" ind1="0" ind2=" "><marc:subfield code="a">HE 20.8102:SCH 3/6</marc:subfield></marc:datafield><marc:datafield tag="245" ind1="0" ind2="0"><marc:subfield code="a">Schizophrenia: questions and answers /</marc:subfield><marc:subfield code="c">prepared by Schizophrenia Research Branch ; David Shore, editor.</marc:subfield></marc:datafield><marc:datafield tag="264" ind1=" " ind2="1"><marc:subfield code="a">Rockville, Md. :</marc:subfield><marc:subfield code="b">U.S. Dept. of Health and Human Services, Public Health Service, Alcohol, Drug Abuse, and Mental Health Administration, National Institute of Mental Health :</marc:subfield><marc:subfield code="b">Public Inquiries Branch [distributor],</marc:subfield><marc:subfield code="c">[1986]</marc:subfield></marc:datafield><marc:datafield tag="300" ind1=" " ind2=" "><marc:subfield code="a">25 pages ;</marc:subfield><marc:subfield code="c">22 cm.</marc:subfield></marc:datafield><marc:datafield tag="336" ind1=" " ind2=" "><marc:subfield code="a">text</marc:subfield><marc:subfield code="b">txt</marc:subfield><marc:subfield code="2">rdacontent</marc:subfield></marc:datafield><marc:datafield tag="337" ind1=" " ind2=" "><marc:subfield code="a">unmediated</marc:subfield><marc:subfield code="b">n</marc:subfield><marc:subfield code="2">rdamedia</marc:subfield></marc:datafield><marc:datafield tag="338" ind1=" " ind2=" "><marc:subfield code="a">volume</marc:subfield><marc:subfield code="b">nc</marc:subfield><marc:subfield code="2">rdacarrier</marc:subfield></marc:datafield><marc:datafield tag="490" ind1="1" ind2=" "><marc:subfield code="a">DHHS publication ;</marc:subfield><marc:subfield code="v">no. (ADM) 86-1457</marc:subfield></marc:datafield><marc:datafield tag="500" ind1=" " ind2=" "><marc:subfield code="a">Shipping list no.: 1986-0816-P.</marc:subfield></marc:datafield><marc:datafield tag="650" ind1=" " ind2="0"><marc:subfield code="a">Schizophrenia.</marc:subfield><marc:subfield code="0">https://id.loc.gov/authorities/subjects/sh85118162</marc:subfield></marc:datafield><marc:datafield tag="650" ind1=" " ind2="0"><marc:subfield code="a">Schizophrenics.</marc:subfield></marc:datafield><marc:datafield tag="650" ind1=" " ind2="0"><marc:subfield code="a">Schizophrenia</marc:subfield><marc:subfield code="x">Treatment.</marc:subfield></marc:datafield><marc:datafield tag="650" ind1=" " ind2="2"><marc:subfield code="a">Schizophrenia.</marc:subfield><marc:subfield code="0">https://id.nlm.nih.gov/mesh/D012559</marc:subfield></marc:datafield><marc:datafield tag="655" ind1=" " ind2="2"><marc:subfield code="a">Popular Work.</marc:subfield><marc:subfield code="0">https://id.nlm.nih.gov/mesh/D020496</marc:subfield></marc:datafield><marc:datafield tag="700" ind1="1" ind2=" "><marc:subfield code="a">Shore, David,</marc:subfield><marc:subfield code="d">1948-</marc:subfield><marc:subfield code="0">https://id.loc.gov/authorities/names/n85323532</marc:subfield></marc:datafield><marc:datafield tag="710" ind1="2" ind2=" "><marc:subfield code="a">National Institute of Mental Health (U.S.)</marc:subfield><marc:subfield code="0">https://id.loc.gov/authorities/names/n79041811</marc:subfield></marc:datafield><marc:datafield tag="710" ind1="2" ind2=" "><marc:subfield code="a">National Institute of Mental Health (U.S.).</marc:subfield><marc:subfield code="b">Division of Clinical Research.</marc:subfield><marc:subfield code="b">Schizophrenia Research Branch.</marc:subfield><marc:subfield code="0">https://id.loc.gov/authorities/names/n85323529</marc:subfield></marc:datafield><marc:datafield tag="830" ind1=" " ind2="0"><marc:subfield code="a">DHHS publication ;</marc:subfield><marc:subfield code="0">https://id.loc.gov/authorities/names/n42037386</marc:subfield><marc:subfield code="v">no. (ADM) 86-1457.</marc:subfield></marc:datafield><marc:datafield tag="994" ind1=" " ind2=" "><marc:subfield code="a">11</marc:subfield><marc:subfield code="b">GPO</marc:subfield></marc:datafield><marc:datafield tag="049" ind1=" " ind2=" "><marc:subfield code="a">GPOO</marc:subfield></marc:datafield><marc:datafield tag="096" ind1=" " ind2=" "><marc:subfield code="a">WM 203 S337 1986</marc:subfield></marc:datafield><marc:datafield tag="990" ind1=" " ind2=" "><marc:subfield code="a">GPO99047026</marc:subfield></marc:datafield><marc:datafield tag="955" ind1=" " ind2=" "><marc:subfield code="a">bc66 20241122</marc:subfield></marc:datafield></marc:record>